
@Misc{somenzi-cudd2015,
  title =        "{CUDD}: {CU} decision diagram package - release 3.0.0",
  author =       "Fabio Somenzi",
  year =         "2015",
  howpublished = "https://github.com/ivmai/cudd",
  note =         "Accessed: 2022-03-24"
}

@book{pddlbook,
  author    = {Patrik Haslum and Nir Lipovetzky and Daniele Magazzeni and Christian Muise},
  title     = {An Introduction to the Planning Domain Definition Language},
  publisher = {Morgan \& Claypool},
  year      = {2019},
  isbn      = {9781627058759},
  url       = {http://www.morganclaypoolpublishers.com/catalog_Orig/product_info.php?products_id=1384},
}
